@incollection{de_ketele_levaluation_1989,
	title = {L'évaluation de la productivité des institutions d'éducation},
	booktitle = {Cahiers de la {Fondation} {Universitaire} : {Université} et société, le rendement de l'enseignement universitaire.},
	author = {De Ketele, J.-M.},
	date = {1989}
}

@book{roegiers_lecole_2010,
	address = {Louvain-la-Neuve},
	series = {Pédagogies en développement},
	title = {L'école et l'évaluation. {Des} situations complexes pour évaluer les acquis des élèves},
	volume = {2e éd.},
	isbn = {978-2-8041-6041-8},
	url = {https://www.cairn.info/l-ecole-et-l-evaluation--9782804160418.htm},
	abstract = {Quelles sont les limites des épreuves sommatives pour évaluer les acquis scolaires ? En quoi l’évaluation à travers des situations complexes constitue-t-elle une alternative incontournable aujourd’hui ? Comment l’envisager, tant au niveau d’un système éducatif qu’au niveau d’une classe, à des fins formatives aussi bien qu’à des fins certificatives ? Au-delà de ses qualités scientifiques, comment la rendre réaliste pour les enseignants et accessible aux parents ? Voici quelques questions auxquelles cet ouvrage tente d’apporter des éléments de réponse.

L’auteur commence par poser la problématique de l’évaluation au sein des systèmes éducatifs : son lien aux valeurs, ses enjeux, les risques qu’elle véhicule. Ensuite, à travers de nombreux exemples vécus, il outille le praticien en un ensemble de pistes concrètes pour construire une épreuve d’évaluation en termes de situations complexes, pour corriger les copies d’élèves, ou encore pour prendre des décisions fondées.},
	language = {FR},
	publisher = {De Boeck Supérieur},
	author = {Roegiers, Xavier},
	year = {2010}
}

